<collection xmlns="http://www.loc.gov/MARC21/slim">
<record>
  <leader>00366na 0a22001211i 450 </leader>
  <controlfield tag="001">IT\ICCU\CNCE\072521</controlfield>
  <controlfield tag="005">20080930000000.0</controlfield>
  <datafield tag="100" ind1=" " ind2=" ">
    <subfield code="a">20080228             0itac0103    ba</subfield>
  </datafield>
  <datafield tag="101" ind1=" " ind2=" ">
    <subfield code="a">LAT</subfield>
  </datafield>
  <datafield tag="200" ind1="1" ind2=" ">
    <subfield code="a">Liber statutorum Padue de ratione reddenda tam in ciuilibus quam in criminalibus causis</subfield>
  </datafield>
  <datafield tag="710" ind1="0" ind2="2">
    <subfield code="a">Padova</subfield>
    <subfield code="3">7235</subfield>
  </datafield>
  <datafield tag="791" ind1="0" ind2="2">
    <subfield code="a">Padoua</subfield>
    <subfield code="3">22380</subfield>
    <subfield code="z">Padova</subfield>
  </datafield>
  <datafield tag="801" ind1=" " ind2="3">
    <subfield code="a">IT</subfield>
    <subfield code="b">ICCU</subfield>
    <subfield code="c">20201115</subfield>
  </datafield>
</record>
</collection>
